<?xml version="1.0" encoding="UTF-8"?><collection xmlns="http://www.loc.gov/MARC21/slim"><record><leader>00520nam--2200193-i-4500</leader><controlfield tag="001">000014704</controlfield><controlfield tag="002">20161230</controlfield><controlfield tag="005">20161230201031</controlfield><controlfield tag="008">060222s1000------------r-----000-0-rum-d</controlfield><datafield ind1=" " ind2=" " tag="040"><subfield code="a">IFIN-HH</subfield></datafield><datafield ind1=" " ind2=" " tag="041"><subfield code="a">rum</subfield></datafield><datafield ind1=" " ind2=" " tag="080"><subfield code="a">537.222.22:535.215</subfield></datafield><datafield ind1="1" ind2=" " tag="100"><subfield code="a">Dima, I./S.A.</subfield></datafield><datafield ind1="1" ind2="0" tag="245"><subfield code="a">Fenomene fotoelectrice in semiconductori si aplicatii</subfield><subfield code="c">I. dima, i. licea</subfield></datafield><datafield ind1=" " ind2=" " tag="260"><subfield code="a">Bucuresti</subfield><subfield code="b">Editura Academiei Rsr</subfield><subfield code="c">1980</subfield></datafield><datafield ind1=" " ind2=" " tag="300"><subfield code="a">227P</subfield></datafield><datafield ind1="1" ind2=" " tag="700"><subfield code="a">Licea, I</subfield></datafield><datafield ind1=" " ind2=" " tag="852"><subfield code="a">47175</subfield><subfield code="c">537.311.33</subfield></datafield><datafield ind1=" " ind2=" " tag="CAT"><subfield code="a">Sys</subfield><subfield code="c">20110725</subfield><subfield code="h">151801</subfield></datafield></record></collection>